@misc{rfc1157,
  author="J.D. Case and M. Fedor and M.L. Schoffstall and J. Davin",
  title="{Simple Network Management Protocol (SNMP)}",
  series="Request for Comments",
  number="1157",
  howpublished="RFC 1157 (Historic)",
  publisher="IETF",
  organisation="Internet Engineering Task Force",
  year=1990,
  month=may,
    url="http://www.ietf.org/rfc/rfc1157.txt",
}

@misc{rfc1442,
  author="J. Case and K. McCloghrie and M. Rose and S. Waldbusser",
  title="{Structure of Management Information for version 2 of the Simple Network Management Protocol (SNMPv2)}",
  series="Request for Comments",
  number="1442",
  howpublished="RFC 1442 (Proposed Standard)",
  publisher="IETF",
  organisation="Internet Engineering Task Force",
  year=1993,
  month=apr,
    note="Obsoleted by RFC 1902",
  url="http://www.ietf.org/rfc/rfc1442.txt",
}
@misc{rfc2748,
  author="D. Durham and J. Boyle and R. Cohen and S. Herzog and R. Rajan and A. Sastry",
  title="{The COPS (Common Open Policy Service) Protocol}",
  series="Request for Comments",
  number="2748",
  howpublished="RFC 2748 (Proposed Standard)",
  publisher="IETF",
  organisation="Internet Engineering Task Force",
  year=2000,
  month=jan,
    note="Updated by RFC 4261",
  url="http://www.ietf.org/rfc/rfc2748.txt",
}
@misc{rfc3159,
  author="K. McCloghrie and M. Fine and J. Seligson and K. Chan and S. Hahn and R. Sahita and A. Smith and F. Reichmeyer",
  title="{Structure of Policy Provisioning Information (SPPI)}",
  series="Request for Comments",
  number="3159",
  howpublished="RFC 3159 (Proposed Standard)",
  publisher="IETF",
  organisation="Internet Engineering Task Force",
  year=2001,
  month=aug,
    url="http://www.ietf.org/rfc/rfc3159.txt",
}
@misc{rfc3780,
  author="F. Strauss and J. Schoenwaelder",
  title="{SMIng - Next Generation Structure of Management Information}",
  series="Request for Comments",
  number="3780",
  howpublished="RFC 3780 (Experimental)",
  publisher="IETF",
  organisation="Internet Engineering Task Force",
  year=2004,
  month=may,
    url="http://www.ietf.org/rfc/rfc3780.txt",
}
@misc{rfc4741,
  author="R. Enns",
  title="{NETCONF Configuration Protocol}",
  series="Request for Comments",
  number="4741",
  howpublished="RFC 4741 (Proposed Standard)",
  publisher="IETF",
  organisation="Internet Engineering Task Force",
  year=2006,
  month=dec,
    url="http://www.ietf.org/rfc/rfc4741.txt",
}
@misc{yang01,
  author="M. Bjorklund",
  title="{YANG - A data modeling language for NETCONF}",
  series="Internet-Draft",
  number="draft-ietf-netmod-yang-01",
  editor="Tail-f System",
  status="Standards Track",
  publisher="IETF",
  organisation="Internet Engineering Task Force",
  year=2008,
  month=aug,
  day="29",  
  expire="March 2, 2009",
  note="http://www.ietf.org/internet-drafts/draft-ietf-netmod-yang-01.txt",
}


@misc{yang02,
  author="M. Bjorklund",
  title="{YANG - A data modeling language for NETCONF}",
  series="Internet-Draft",
  number="draft-ietf-netmod-yang-02",
  editor="Tail-f System",
  status="Standards Track",
  publisher="IETF",
  organisation="Internet Engineering Task Force",
  year=2008,
  month=nov,
  day="3",  
  expire="May 7, 2009",
  note="http://www.ietf.org/internet-drafts/draft-ietf-netmod-yang-02.txt",
}

@techreport{CRIDLIG:2005:INRIA-00000804:1,
title={{Y}enca{P} {D}ocumentation},
author={{C}ridlig, {V}incent and {S}tate, {R}adu},
abstract={{T}his paper describes the implemenation of a {N}et{C}onf agent framework based on  {P}ython.},
keywords={{N}et{C}onf; network management; {P}ython},
language={{A}nglais},
institution={{INRIA} {L}orraine},
affiliation={{MADYNES} - {INRIA} {L}orraine - {LORIA} - {INRIA} - {CNRS} : {UMR}7503 - {U}niversit{\'e} {H}enri {P}oincar{\'e} - {N}ancy {I} - {U}niversit{\'e} {N}ancy {II} - {I}nstitut {N}ational {P}olytechnique de {L}orraine },
pages={25 },
type={Technical Report},
year={2005},
URL={http://hal.inria.fr/inria-00000804/en/},
}
